@article{miao_positive_2003,
	title = {Positive Mass Theorem on Manifolds admitting Corners along a Hypersurface},
	volume = {6},
	doi = {10.4310/ATMP.2002.v6.n6.a4},
	journaltitle = {Advances in Theoretical and Mathematical Physics},
	shortjournal = {Advances in Theoretical and Mathematical Physics},
	author = {Miao, Pengzi},
	date = {2003-01-05},
	file = {Full Text:C\:\\Users\\syliu\\Zotero\\storage\\MTF5K9BX\\Miao - 2003 - Positive Mass Theorem on Manifolds admitting Corne.pdf:application/pdf},
}

@article{jiang_removable_2022,
	title = {Removable singularity of positive mass theorem with continuous metrics},
	volume = {302},
	issn = {1432-1823},
	doi = {10.1007/s00209-022-03081-w},
	pages = {839--874},
	number = {2},
	journaltitle = {Mathematische Zeitschrift},
	shortjournal = {Math. Z.},
	author = {Jiang, Wenshuai and Sheng, Weimin and Zhang, Huaiyu},
	date = {2022-10-01},
	langid = {english},
	file = {Full Text PDF:C\:\\Users\\syliu\\Zotero\\storage\\AAWR5TF3\\Jiang et al. - 2022 - Removable singularity of positive mass theorem wit.pdf:application/pdf},
}

@article{lee_positive_2013,
	title = {A positive mass theorem for Lipschitz metrics with small singular sets},
	volume = {141},
	issn = {0002-9939},
	pages = {3997--4004},
	number = {11},
	journaltitle = {Proceedings of the American Mathematical Society},
	author = {Lee, Dan A.},
	date = {2013},
	note = {Publisher: American Mathematical Society},
	file = {JSTOR Full Text PDF:C\:\\Users\\syliu\\Zotero\\storage\\H9V9ZWJA\\LEE - 2013 - A POSITIVE MASS THEOREM FOR LIPSCHITZ METRICS WITH.pdf:application/pdf},
}

@article{lee_positive_2015,
	title = {The Positive Mass Theorem for Manifolds with Distributional Curvature},
	volume = {339},
	issn = {1432-0916},
	doi = {10.1007/s00220-015-2414-9},
	pages = {99--120},
	number = {1},
	journaltitle = {Communications in Mathematical Physics},
	shortjournal = {Commun. Math. Phys.},
	author = {Lee, Dan A. and {LeFloch}, Philippe G.},
	date = {2015-10-01},
	langid = {english},
	keywords = {Manifold, Coordinate Chart, Dirac Operator, Scalar Curvature, Spin Connection},
	file = {Full Text PDF:C\:\\Users\\syliu\\Zotero\\storage\\8YQSHY2Z\\Lee and LeFloch - 2015 - The Positive Mass Theorem for Manifolds with Distr.pdf:application/pdf},
}

@article{shi_scalar_2016,
	title = {Scalar curvature and singular metrics},
	volume = {293},
	doi = {10.2140/pjm.2018.293.427},
	journaltitle = {Pacific Journal of Mathematics},
	shortjournal = {Pacific Journal of Mathematics},
	author = {Shi, Yuguang and Tam, Luen-Fai},
	date = {2016-11-12},
	file = {Submitted Version:C\:\\Users\\syliu\\Zotero\\storage\\QQBLVHG8\\Shi and Tam - 2016 - Scalar curvature and singular metrics.pdf:application/pdf},
}

@misc{lee_continuous_2021,
	title = {Continuous metrics and a conjecture of Schoen},
	doi = {10.48550/arXiv.2111.05582},
	number = {{arXiv}:2111.05582},
	publisher = {{arXiv}},
	author = {Lee, Man-Chun and Tam, Luen-Fai},
	date = {2021-11-18},
	eprinttype = {arxiv},
	eprint = {2111.05582 [math]},
	keywords = {Mathematics - Differential Geometry},
	file = {arXiv Fulltext PDF:C\:\\Users\\syliu\\Zotero\\storage\\TZQJDRUP\\Lee and Tam - 2021 - Continuous metrics and a conjecture of Schoen.pdf:application/pdf;arXiv.org Snapshot:C\:\\Users\\syliu\\Zotero\\storage\\H4NCIMEG\\2111.html:text/html},
}

@misc{chu_ricci-deturck_2022,
	title = {Ricci-Deturck flow from rough metrics and applications},
	doi = {10.48550/arXiv.2204.05843},
	number = {{arXiv}:2204.05843},
	publisher = {{arXiv}},
	author = {Chu, Jianchun and Lee, Man-Chun},
	date = {2022-04-15},
	eprinttype = {arxiv},
	eprint = {2204.05843 [math]},
	keywords = {Mathematics - Differential Geometry},
	file = {arXiv Fulltext PDF:C\:\\Users\\syliu\\Zotero\\storage\\US8IX8Y3\\Chu and Lee - 2022 - Ricci-Deturck flow from rough metrics and applicat.pdf:application/pdf;arXiv.org Snapshot:C\:\\Users\\syliu\\Zotero\\storage\\QX8NTJ3Y\\2204.html:text/html},
}

@book{topping_lectures_2006,
	edition = {1},
	title = {Lectures on the Ricci Flow},
	isbn = {978-0-521-68947-2},
	publisher = {Cambridge University Press},
	author = {Topping, Peter},
	date = {2006-10-12},
	langid = {english},
	doi = {10.1017/CBO9780511721465},
	file = {Topping - 2006 - Lectures on the Ricci Flow.pdf:C\:\\Users\\syliu\\Zotero\\storage\\KGCWELG9\\Topping - 2006 - Lectures on the Ricci Flow.pdf:application/pdf},
}

@misc{lamm_ricci_2021,
	title = {Ricci flow of $W^{2,2}$-metrics in four dimensions},
	doi = {10.48550/arXiv.2109.08541},
	number = {{arXiv}:2109.08541},
	publisher = {{arXiv}},
	author = {Lamm, Tobias and Simon, Miles},
	date = {2021-09-17},
	eprinttype = {arxiv},
	eprint = {2109.08541 [math]},
	keywords = {Mathematics - Differential Geometry, Mathematics - Analysis of {PDEs}},
	file = {arXiv Fulltext PDF:C\:\\Users\\syliu\\Zotero\\storage\\FKNAWEFL\\Lamm and Simon - 2021 - Ricci flow of \$W^ 2,2 \$-metrics in four dimensions.pdf:application/pdf;arXiv.org Snapshot:C\:\\Users\\syliu\\Zotero\\storage\\KGVI8B2H\\2109.html:text/html},
}

@article{burkhardt-guim_pointwise_2019,
	title = {Pointwise lower scalar curvature bounds for $C^0$ metrics via regularizing Ricci flow},
	volume = {29},
	issn = {1420-8970},
	doi = {10.1007/s00039-019-00514-3},
	pages = {1703--1772},
	number = {6},
	journaltitle = {Geometric and Functional Analysis},
	shortjournal = {Geom. Funct. Anal.},
	author = {Burkhardt-Guim, Paula},
	date = {2019-12-01},
	langid = {english},
	file = {Full Text PDF:C\:\\Users\\syliu\\Zotero\\storage\\NMIASK9P\\Burkhardt-Guim - 2019 - Pointwise lower scalar curvature bounds for \$\$C^0\$.pdf:application/pdf},
}

@article{simon_deformation_2002,
	title = {Deformation of $C^0$ Riemannian metrics in the direction of their Ricci curvature},
	volume = {10},
	issn = {1944-9992},
	doi = {10.4310/CAG.2002.v10.n5.a7},
	pages = {1033--1074},
	number = {5},
	journaltitle = {Communications in Analysis and Geometry},
	shortjournal = {Comm. Anal. Geom.},
	author = {Simon, Miles},
	date = {2002},
	note = {Publisher: International Press of Boston},
	file = {Full Text PDF:C\:\\Users\\syliu\\Zotero\\storage\\I9WY95ZZ\\Simon - 2002 - Deformation of \$C^0\$ Riemannian metrics in the dir.pdf:application/pdf;Snapshot:C\:\\Users\\syliu\\Zotero\\storage\\FFL5XPZ9\\a007.html:text/html},
}

@article{shi_deforming_1989,
	title = {Deforming the metric on complete Riemannian manifolds},
	volume = {30},
	issn = {0022-040X},
	doi = {10.4310/jdg/1214443292},
	pages = {223--301},
	number = {1},
	journaltitle = {Journal of Differential Geometry},
	author = {Shi, Wan-Xiong},
	date = {1989-01},
	note = {Publisher: Lehigh University},
	keywords = {58G11, 53C20, 58D25, 58G30},
	file = {Full Text PDF:C\:\\Users\\syliu\\Zotero\\storage\\NKXRXA66\\Shi - 1989 - Deforming the metric on complete Riemannian manifo.pdf:application/pdf;Snapshot:C\:\\Users\\syliu\\Zotero\\storage\\PV787MHN\\1214443292.html:text/html},
}

@article{koch_geometric_2012,
	title = {Geometric flows with rough initial data},
	volume = {16},
	issn = {1945-0036},
	doi = {10.4310/AJM.2012.v16.n2.a3},
	pages = {209--235},
	number = {2},
	journaltitle = {Asian Journal of Mathematics},
	shortjournal = {Asian J. Math.},
	author = {Koch, Herbert and Lamm, Tobias},
	date = {2012-06},
	note = {Publisher: International Press of Boston},
	file = {Full Text PDF:C\:\\Users\\syliu\\Zotero\\storage\\7J72TGTL\\Koch and Lamm - 2012 - Geometric flows with rough initial data.pdf:application/pdf;Snapshot:C\:\\Users\\syliu\\Zotero\\storage\\E8QELZLZ\\index.html:text/html},
}

@article{deturck_deforming_1983,
	title = {Deforming metrics in the direction of their Ricci tensors},
	volume = {18},
	issn = {0022-040X},
	doi = {10.4310/jdg/1214509286},
	pages = {157--162},
	number = {1},
	journaltitle = {Journal of Differential Geometry},
	author = {{DeTurck}, Dennis M.},
	date = {1983-01},
	note = {Publisher: Lehigh University},
	keywords = {58G30, 53C21, 53C25, 58D17},
	file = {Full Text PDF:C\:\\Users\\syliu\\Zotero\\storage\\69U6U4MU\\DeTurck - 1983 - Deforming metrics in the direction of their Ricci .pdf:application/pdf;Snapshot:C\:\\Users\\syliu\\Zotero\\storage\\XQLELXTZ\\1214509286.html:text/html},
}

@article{hamilton_three-manifolds_1982,
	title = {Three-manifolds with positive Ricci curvature},
	volume = {17},
	issn = {0022-040X},
	doi = {10.4310/jdg/1214436922},
	pages = {255--306},
	number = {2},
	journaltitle = {Journal of Differential Geometry},
	author = {Hamilton, Richard S.},
	date = {1982-01},
	note = {Publisher: Lehigh University},
	keywords = {58G30, 35K55, 53C25},
	file = {Full Text PDF:C\:\\Users\\syliu\\Zotero\\storage\\YJXDHGBY\\Hamilton - 1982 - Three-manifolds with positive Ricci curvature.pdf:application/pdf;Snapshot:C\:\\Users\\syliu\\Zotero\\storage\\F25WT2G5\\1214436922.html:text/html},
}

@misc{bamler_ricci_2017,
	title = {The Ricci flow under almost non-negative curvature conditions},
	number = {{arXiv}:1707.03002},
	publisher = {{arXiv}},
	author = {Bamler, Richard H. and Cabezas-Rivas, Esther and Wilking, Burkhard},
	date = {2017-07-25},
	langid = {english},
	eprinttype = {arxiv},
	eprint = {1707.03002 [math]},
	keywords = {Mathematics - Differential Geometry, Mathematics - Analysis of {PDEs}},
	file = {Bamler et al. - 2017 - The Ricci flow under almost non-negative curvature.pdf:C\:\\Users\\syliu\\Zotero\\storage\\6F8DMIGN\\Bamler et al. - 2017 - The Ricci flow under almost non-negative curvature.pdf:application/pdf},
}

@incollection{tam_exhaustion_2010,
	title = {Exhaustion functions on complete manifolds},
	volume = {11},
	series = {Adv. Lect. Math. ({ALM})},
	pages = {211--215},
	booktitle = {Recent advances in geometric analysis},
	publisher = {Int. Press, Somerville, {MA}},
	author = {Tam, Luen-Fai},
	date = {2010},
	mrnumber = {2648946},
	file = {MathSciNet Snapshot:C\:\\Users\\syliu\\Zotero\\storage\\ZYZBUZIB\\mathscinet-getitem.html:text/html},
}

@misc{jiang_weak_2021,
	title = {Weak scalar curvature lower bounds along Ricci flow},
	number = {{arXiv}:2110.12157},
	publisher = {{arXiv}},
	author = {Jiang, Wenshuai and Sheng, Weimin and Zhang, Huaiyu},
	date = {2021-10-27},
	langid = {english},
	eprinttype = {arxiv},
	eprint = {2110.12157 [math]},
	keywords = {Mathematics - Differential Geometry, 53C21},
	file = {Jiang et al. - 2021 - Weak scalar curvature lower bounds along Ricci flo.pdf:C\:\\Users\\syliu\\Zotero\\storage\\6Y3W3HLI\\Jiang et al. - 2021 - Weak scalar curvature lower bounds along Ricci flo.pdf:application/pdf},
}

@book{adams_morrey_2015,
	title = {Morrey Spaces},
	isbn = {978-3-319-26680-0},
	pagetotal = {book},
	publisher = {Springer International Publishing :Imprint: Birkhäuser},
	author = {Adams, David},
	date = {2015},
	langid = {english},
}

@book{chow_ricci_2010,
	title = {The Ricci Flow: Techniques and Applications: Part {III}: Geometric-Analytic Aspects},
	volume = {163},
	isbn = {978-0-8218-4661-2},
	series = {Mathematical Surveys and Monographs},
	shorttitle = {The Ricci Flow},
	publisher = {American Mathematical Society},
	author = {Chow, Bennett and Chu, Sun-Chin and Glickenstein, David and Guenther, Christine and Isenberg, James and Ivey, Tom and Knopf, Dan and Lu, Peng and Luo, Feng and Ni, Lei},
	date = {2010-04-21},
	langid = {english},
	doi = {10.1090/surv/163},
	note = {{ISSN}: 0076-5376, 2331-7159},
	file = {Chow et al. - 2010 - The Ricci Flow Techniques and Applications Part .pdf:C\:\\Users\\syliu\\Zotero\\storage\\QKG7CQEH\\Chow et al. - 2010 - The Ricci Flow Techniques and Applications Part .pdf:application/pdf},
}

@misc{grant_positive_2014,
	title = {A positive mass theorem for low-regularity Riemannian metrics},
	doi = {10.48550/arXiv.1408.6425},
	number = {{arXiv}:1408.6425},
	publisher = {{arXiv}},
	author = {Grant, James D. E. and Tassotti, Nathalie},
	date = {2014-08-27},
	eprinttype = {arxiv},
	eprint = {1408.6425 [gr-qc, physics:math-ph]},
	note = {version: 1},
	keywords = {Mathematics - Differential Geometry, General Relativity and Quantum Cosmology, 53C20, 58J05, Mathematical Physics},
}